<?xml version="1.0" encoding="UTF-8"?>
<OAI-PMH xmlns="http://www.openarchives.org/OAI/2.0/" xmlns:xsi="http://www.w3.org/2001/XMLSchema-instance" xsi:schemaLocation="http://www.openarchives.org/OAI/2.0/ http://www.openarchives.org/OAI/2.0/OAI-PMH.xsd">
  <ListRecords>
    <record>
      <header>
        <identifier>aleph-publish:000998195</identifier>
      </header>
      <metadata>
        <record xmlns="http://www.ddb.de/professionell/mabxml/mabxml-1.xsd">
          <leader>01266cM2.01200024------h</leader>
          <controlfield tag="LDR">01266cM2.01200024------h</controlfield>
          <controlfield tag="FMT">MH</controlfield>
          <datafield tag="001" ind1="-" ind2="1">
            <subfield code="a">HT010406248</subfield>
          </datafield>
          <datafield tag="002" ind1="a" ind2="1">
            <subfield code="a">19991122</subfield>
          </datafield>
          <datafield tag="003" ind1="-" ind2="1">
            <subfield code="a">20110203004131</subfield>
          </datafield>
          <datafield tag="004" ind1="-" ind2="1">
            <subfield code="a">20120327</subfield>
          </datafield>
          <datafield tag="020" ind1="a" ind2="1">
            <subfield code="a">1462935-5</subfield>
            <subfield code="b">DNB</subfield>
          </datafield>
          <datafield tag="025" ind1="a" ind2="1">
            <subfield code="a">019562543</subfield>
          </datafield>
          <datafield tag="025" ind1="o" ind2="1">
            <subfield code="a">613686927</subfield>
          </datafield>
          <datafield tag="025" ind1="z" ind2="1">
            <subfield code="a">1462935-5</subfield>
          </datafield>
          <datafield tag="026" ind1="-" ind2="1">
            <subfield code="a">ZDB1462935-5</subfield>
          </datafield>
          <controlfield tag="030">b|1dcz|z|||37</controlfield>
          <datafield tag="036" ind1="a" ind2="1">
            <subfield code="a">XA-DE</subfield>
          </datafield>
          <datafield tag="037" ind1="b" ind2="1">
            <subfield code="a">ger</subfield>
          </datafield>
          <controlfield tag="050">||||||||d|||||</controlfield>
          <controlfield tag="052">p||||||zz||||||</controlfield>
          <controlfield tag="058">co||||||||||||</controlfield>
          <datafield tag="070" ind1="-" ind2="1">
            <subfield code="a">9001</subfield>
          </datafield>
          <datafield tag="070" ind1="a" ind2="1">
            <subfield code="a">DNB</subfield>
          </datafield>
          <datafield tag="070" ind1="b" ind2="1">
            <subfield code="a">9999</subfield>
          </datafield>
          <datafield tag="073" ind1="-" ind2="1">
            <subfield code="a">5,3</subfield>
          </datafield>
          <datafield tag="076" ind1="-" ind2="1">
            <subfield code="a">||a|||</subfield>
          </datafield>
          <datafield tag="331" ind1="-" ind2="1">
            <subfield code="a">Praxis Geschichte</subfield>
          </datafield>
          <datafield tag="334" ind1="-" ind2="1">
            <subfield code="a">Elektronische Ressource</subfield>
          </datafield>
          <datafield tag="405" ind1="-" ind2="1">
            <subfield code="a">1987/97(1998) -</subfield>
          </datafield>
          <datafield tag="410" ind1="-" ind2="1">
            <subfield code="a">Braunschweig</subfield>
          </datafield>
          <datafield tag="412" ind1="-" ind2="1">
            <subfield code="a">Westermann</subfield>
          </datafield>
          <datafield tag="425" ind1="b" ind2="1">
            <subfield code="a">1998</subfield>
          </datafield>
          <datafield tag="507" ind1="-" ind2="1">
            <subfield code="a">Hauptsacht. von d. Beil.</subfield>
          </datafield>
          <datafield tag="523" ind1="-" ind2="1">
            <subfield code="a">Ersch. unregelmäßig</subfield>
          </datafield>
          <datafield tag="527" ind1="z" ind2="1">
            <subfield code="p">Druckausg. ---&gt;</subfield>
            <subfield code="a">Praxis Geschichte</subfield>
            <subfield code="9">HT003997646</subfield>
          </datafield>
          <datafield tag="574" ind1="-" ind2="1">
            <subfield code="a">06,A07,2072</subfield>
          </datafield>
          <datafield tag="652" ind1="a" ind2="1">
            <subfield code="a">Optischer Datenträger</subfield>
          </datafield>
          <datafield tag="653" ind1="-" ind2="1">
            <subfield code="a">CD-ROMs</subfield>
            <subfield code="d">12 cm</subfield>
          </datafield>
          <datafield tag="654" ind1="-" ind2="1">
            <subfield code="a">Systemvoraussetzungen: IBM und kompatible 486er/66 PC mit 8 MB RAM, Windows 3.11 oder Windows 95, CD-ROM-Double-Speed-Laufwerk oder höher; ab 1998/2002: Pentium II; 64 MB RAM; Windows 95/98/2000/XP; 8-fach CD-ROM-Laufwerk, Color-Monitor; SVGA-Karte; Apple Macintosh: PowerPC-Prozessor; 64 MB RAM; Mac OS 9.1 oder höher; CD-ROM-Laufwerk</subfield>
          </datafield>
          <datafield tag="700" ind1="-" ind2="1">
            <subfield code="a">900</subfield>
            <subfield code="a">DNB</subfield>
          </datafield>
          <datafield tag="700" ind1="-" ind2="1">
            <subfield code="a">370</subfield>
            <subfield code="a">DNB</subfield>
          </datafield>
          <datafield tag="700" ind1="-" ind2="1">
            <subfield code="a">900</subfield>
            <subfield code="a">ZDB</subfield>
          </datafield>
          <datafield tag="700" ind1="-" ind2="1">
            <subfield code="a">370</subfield>
            <subfield code="a">ZDB</subfield>
          </datafield>
          <datafield tag="700" ind1="z" ind2="1">
            <subfield code="a">300</subfield>
          </datafield>
          <datafield tag="700" ind1="z" ind2="1">
            <subfield code="a">280</subfield>
          </datafield>
          <datafield tag="902" ind1="-" ind2="1">
            <subfield code="s">Geschichtsunterricht</subfield>
            <subfield code="9">(DE-588)4020533-2</subfield>
          </datafield>
          <datafield tag="902" ind1="-" ind2="1">
            <subfield code="f">Zeitschrift</subfield>
          </datafield>
          <datafield tag="902" ind1="-" ind2="1">
            <subfield code="f">CD-ROM</subfield>
          </datafield>
          <datafield tag="904" ind1="a" ind2="1">
            <subfield code="a">DE-101DE-101</subfield>
          </datafield>
          <datafield tag="907" ind1="-" ind2="1">
            <subfield code="s">Geschichtsunterricht</subfield>
            <subfield code="9">(DE-588)4020533-2</subfield>
          </datafield>
          <datafield tag="907" ind1="-" ind2="1">
            <subfield code="s">Lehrmittel</subfield>
            <subfield code="9">(DE-588)4074111-4</subfield>
          </datafield>
          <datafield tag="907" ind1="-" ind2="1">
            <subfield code="s">CD-ROM</subfield>
            <subfield code="9">(DE-588)4139307-7</subfield>
          </datafield>
          <datafield tag="909" ind1="a" ind2="1">
            <subfield code="a">DE-600DE-600</subfield>
          </datafield>
          <controlfield tag="SYS">000998195</controlfield>
          <datafield tag="016" ind1="-" ind2="1">
            <subfield code="a">976139146</subfield>
            <subfield code="b">DNB</subfield>
          </datafield>
          <datafield tag="406" ind1="b" ind2="1">
            <subfield code="j">1987/97</subfield>
          </datafield>
          <datafield tag="705" ind1="-" ind2="1">
            <subfield code="a">907.12</subfield>
            <subfield code="c">907</subfield>
            <subfield code="e">DDC22ger</subfield>
            <subfield code="f">0712</subfield>
          </datafield>
          <datafield tag="PSW" ind1="-" ind2="1">
            <subfield code="s">Geschichte</subfield>
            <subfield code="x">Didaktik</subfield>
            <subfield code="9">(DE-588)4020533-2</subfield>
          </datafield>
          <datafield tag="PSW" ind1="-" ind2="1">
            <subfield code="s">Geschichte</subfield>
            <subfield code="x">Unterricht</subfield>
            <subfield code="9">(DE-588)4020533-2</subfield>
          </datafield>
          <datafield tag="PSW" ind1="-" ind2="1">
            <subfield code="s">Geschichtsdidaktik</subfield>
            <subfield code="9">(DE-588)4020533-2</subfield>
          </datafield>
          <datafield tag="PSW" ind1="-" ind2="1">
            <subfield code="s">Arbeitsmittel</subfield>
            <subfield code="x">Unterricht</subfield>
            <subfield code="9">(DE-588)4074111-4</subfield>
          </datafield>
          <datafield tag="PSW" ind1="-" ind2="1">
            <subfield code="s">Bildungsmittel</subfield>
            <subfield code="9">(DE-588)4074111-4</subfield>
          </datafield>
          <datafield tag="PSW" ind1="-" ind2="1">
            <subfield code="s">Lehrmaterial</subfield>
            <subfield code="9">(DE-588)4074111-4</subfield>
          </datafield>
          <datafield tag="PSW" ind1="-" ind2="1">
            <subfield code="s">Lernmaterial</subfield>
            <subfield code="9">(DE-588)4074111-4</subfield>
          </datafield>
          <datafield tag="PSW" ind1="-" ind2="1">
            <subfield code="s">Lernmittel</subfield>
            <subfield code="9">(DE-588)4074111-4</subfield>
          </datafield>
          <datafield tag="PSW" ind1="-" ind2="1">
            <subfield code="s">Unterricht</subfield>
            <subfield code="x">Medien</subfield>
            <subfield code="9">(DE-588)4074111-4</subfield>
          </datafield>
          <datafield tag="PSW" ind1="-" ind2="1">
            <subfield code="s">Unterricht</subfield>
            <subfield code="x">Medium</subfield>
            <subfield code="9">(DE-588)4074111-4</subfield>
          </datafield>
          <datafield tag="PSW" ind1="-" ind2="1">
            <subfield code="s">Unterrichtsbeispiele</subfield>
            <subfield code="9">(DE-588)4074111-4</subfield>
          </datafield>
          <datafield tag="PSW" ind1="-" ind2="1">
            <subfield code="s">Unterrichtsmaterial</subfield>
            <subfield code="9">(DE-588)4074111-4</subfield>
          </datafield>
          <datafield tag="PSW" ind1="-" ind2="1">
            <subfield code="s">Unterrichtsmedien</subfield>
            <subfield code="9">(DE-588)4074111-4</subfield>
          </datafield>
          <datafield tag="PSW" ind1="-" ind2="1">
            <subfield code="s">Unterrichtsmedium</subfield>
            <subfield code="9">(DE-588)4074111-4</subfield>
          </datafield>
          <datafield tag="PSW" ind1="-" ind2="1">
            <subfield code="s">Unterrichtsmittel</subfield>
            <subfield code="9">(DE-588)4074111-4</subfield>
          </datafield>
          <datafield tag="PSW" ind1="-" ind2="1">
            <subfield code="s">Arbeitsmittel</subfield>
            <subfield code="x">Unterricht</subfield>
            <subfield code="9">(DE-588)4074111-4</subfield>
          </datafield>
          <datafield tag="PSW" ind1="-" ind2="1">
            <subfield code="s">Bildungsmittel</subfield>
            <subfield code="9">(DE-588)4074111-4</subfield>
          </datafield>
          <datafield tag="PSW" ind1="-" ind2="1">
            <subfield code="s">Lehrmaterial</subfield>
            <subfield code="9">(DE-588)4074111-4</subfield>
          </datafield>
          <datafield tag="PSW" ind1="-" ind2="1">
            <subfield code="s">Lernmaterial</subfield>
            <subfield code="9">(DE-588)4074111-4</subfield>
          </datafield>
          <datafield tag="PSW" ind1="-" ind2="1">
            <subfield code="s">Lernmittel</subfield>
            <subfield code="9">(DE-588)4074111-4</subfield>
          </datafield>
          <datafield tag="PSW" ind1="-" ind2="1">
            <subfield code="s">Unterricht</subfield>
            <subfield code="x">Medien</subfield>
            <subfield code="9">(DE-588)4074111-4</subfield>
          </datafield>
          <datafield tag="PSW" ind1="-" ind2="1">
            <subfield code="s">Unterricht</subfield>
            <subfield code="x">Medium</subfield>
            <subfield code="9">(DE-588)4074111-4</subfield>
          </datafield>
          <datafield tag="PSW" ind1="-" ind2="1">
            <subfield code="s">Unterrichtsbeispiele</subfield>
            <subfield code="9">(DE-588)4074111-4</subfield>
          </datafield>
          <datafield tag="PSW" ind1="-" ind2="1">
            <subfield code="s">Unterrichtsmaterial</subfield>
            <subfield code="9">(DE-588)4074111-4</subfield>
          </datafield>
          <datafield tag="PSW" ind1="-" ind2="1">
            <subfield code="s">Unterrichtsmedien</subfield>
            <subfield code="9">(DE-588)4074111-4</subfield>
          </datafield>
          <datafield tag="PSW" ind1="-" ind2="1">
            <subfield code="s">Unterrichtsmedium</subfield>
            <subfield code="9">(DE-588)4074111-4</subfield>
          </datafield>
          <datafield tag="PSW" ind1="-" ind2="1">
            <subfield code="s">Unterrichtsmittel</subfield>
            <subfield code="9">(DE-588)4074111-4</subfield>
          </datafield>
          <datafield tag="PSW" ind1="-" ind2="1">
            <subfield code="s">Geschichte</subfield>
            <subfield code="x">Didaktik</subfield>
            <subfield code="9">(DE-588)4020533-2</subfield>
          </datafield>
          <datafield tag="PSW" ind1="-" ind2="1">
            <subfield code="s">Geschichte</subfield>
            <subfield code="x">Unterricht</subfield>
            <subfield code="9">(DE-588)4020533-2</subfield>
          </datafield>
          <datafield tag="PSW" ind1="-" ind2="1">
            <subfield code="s">Geschichtsdidaktik</subfield>
            <subfield code="9">(DE-588)4020533-2</subfield>
          </datafield>
          <datafield tag="PSW" ind1="-" ind2="1">
            <subfield code="s">Compact-Disc</subfield>
            <subfield code="x">Nur-Lese-Speicher</subfield>
            <subfield code="9">(DE-588)4139307-7</subfield>
          </datafield>
          <datafield tag="PSW" ind1="-" ind2="1">
            <subfield code="s">Compact-Disc</subfield>
            <subfield code="x">ROM</subfield>
            <subfield code="9">(DE-588)4139307-7</subfield>
          </datafield>
          <datafield tag="PSW" ind1="-" ind2="1">
            <subfield code="s">Daten-CD</subfield>
            <subfield code="9">(DE-588)4139307-7</subfield>
          </datafield>
          <datafield tag="PSW" ind1="-" ind2="1">
            <subfield code="s">Bildplatte</subfield>
            <subfield code="h">Optische Speicherplatte, Formschlagwort</subfield>
            <subfield code="9">(DE-588)4139307-7</subfield>
          </datafield>
          <datafield tag="PSW" ind1="-" ind2="1">
            <subfield code="s">Compactdisc</subfield>
            <subfield code="h">Formschlagwort, im weiteren Sinn</subfield>
            <subfield code="9">(DE-588)4139307-7</subfield>
          </datafield>
          <datafield tag="PSW" ind1="-" ind2="1">
            <subfield code="s">Laser optical disc</subfield>
            <subfield code="h">Formschlagwort</subfield>
            <subfield code="9">(DE-588)4139307-7</subfield>
          </datafield>
          <datafield tag="PSW" ind1="-" ind2="1">
            <subfield code="s">Optical disc</subfield>
            <subfield code="h">Formschlagwort</subfield>
            <subfield code="9">(DE-588)4139307-7</subfield>
          </datafield>
          <datafield tag="PSW" ind1="-" ind2="1">
            <subfield code="s">Optische Platte</subfield>
            <subfield code="h">Formschlagwort</subfield>
            <subfield code="9">(DE-588)4139307-7</subfield>
          </datafield>
          <datafield tag="PSW" ind1="-" ind2="1">
            <subfield code="s">Optische Speicherplatte</subfield>
            <subfield code="h">Formschlagwort</subfield>
            <subfield code="9">(DE-588)4139307-7</subfield>
          </datafield>
          <datafield tag="PSW" ind1="-" ind2="1">
            <subfield code="s">Optischer Plattenspeicher</subfield>
            <subfield code="h">Formschlagwort</subfield>
            <subfield code="9">(DE-588)4139307-7</subfield>
          </datafield>
          <datafield tag="PSW" ind1="-" ind2="1">
            <subfield code="s">CD-ROMs</subfield>
            <subfield code="9">(DE-588)4139307-7</subfield>
          </datafield>
          <datafield tag="PSW" ind1="-" ind2="1">
            <subfield code="s">Compact-Disc</subfield>
            <subfield code="x">Nur-Lese-Speicher</subfield>
            <subfield code="9">(DE-588)4139307-7</subfield>
          </datafield>
          <datafield tag="PSW" ind1="-" ind2="1">
            <subfield code="s">Compact-Disc</subfield>
            <subfield code="x">ROM</subfield>
            <subfield code="9">(DE-588)4139307-7</subfield>
          </datafield>
          <datafield tag="PSW" ind1="-" ind2="1">
            <subfield code="s">Daten-CD</subfield>
            <subfield code="9">(DE-588)4139307-7</subfield>
          </datafield>
          <datafield tag="PSW" ind1="-" ind2="1">
            <subfield code="s">Bildplatte</subfield>
            <subfield code="h">Optische Speicherplatte, Formschlagwort</subfield>
            <subfield code="9">(DE-588)4139307-7</subfield>
          </datafield>
          <datafield tag="PSW" ind1="-" ind2="1">
            <subfield code="s">Compactdisc</subfield>
            <subfield code="h">Formschlagwort, im weiteren Sinn</subfield>
            <subfield code="9">(DE-588)4139307-7</subfield>
          </datafield>
          <datafield tag="PSW" ind1="-" ind2="1">
            <subfield code="s">Laser optical disc</subfield>
            <subfield code="h">Formschlagwort</subfield>
            <subfield code="9">(DE-588)4139307-7</subfield>
          </datafield>
          <datafield tag="PSW" ind1="-" ind2="1">
            <subfield code="s">Optical disc</subfield>
            <subfield code="h">Formschlagwort</subfield>
            <subfield code="9">(DE-588)4139307-7</subfield>
          </datafield>
          <datafield tag="PSW" ind1="-" ind2="1">
            <subfield code="s">Optische Platte</subfield>
            <subfield code="h">Formschlagwort</subfield>
            <subfield code="9">(DE-588)4139307-7</subfield>
          </datafield>
          <datafield tag="PSW" ind1="-" ind2="1">
            <subfield code="s">Optische Speicherplatte</subfield>
            <subfield code="h">Formschlagwort</subfield>
            <subfield code="9">(DE-588)4139307-7</subfield>
          </datafield>
          <datafield tag="PSW" ind1="-" ind2="1">
            <subfield code="s">Optischer Plattenspeicher</subfield>
            <subfield code="h">Formschlagwort</subfield>
            <subfield code="9">(DE-588)4139307-7</subfield>
          </datafield>
          <datafield tag="PSW" ind1="-" ind2="1">
            <subfield code="s">CD-ROMs</subfield>
            <subfield code="9">(DE-588)4139307-7</subfield>
          </datafield>
          <datafield tag="200" ind1=" " ind2=" ">
            <subfield code="0">1</subfield>
            <subfield code="b">1998/2002(2003); 2003/07(2008)</subfield>
            <subfield code="f">P 96/40 p 8</subfield>
          </datafield>
          <datafield tag="OWN" ind1=" " ind2=" ">
            <subfield code="a">P0001</subfield>
          </datafield>
          <datafield tag="PLK" ind1=" " ind2=" ">
            <subfield code="a">DN</subfield>
            <subfield code="l">PAD01</subfield>
            <subfield code="b">001252148</subfield>
            <subfield code="m">Praxis Geschichte.^1998</subfield>
            <subfield code="n">1998/2002;^.^Alle Themenhefte 1998 - 2002.^2003</subfield>
          </datafield>
          <datafield tag="PLK" ind1=" " ind2=" ">
            <subfield code="a">DN</subfield>
            <subfield code="l">PAD01</subfield>
            <subfield code="b">001252149</subfield>
            <subfield code="m">Praxis Geschichte.^1998</subfield>
            <subfield code="n">2003/2007;^.^Alle Themenhefte 2003 - 2007.^2008</subfield>
          </datafield>
          <datafield tag="PLK" ind1=" " ind2=" ">
            <subfield code="a">PAR</subfield>
            <subfield code="l">PAD01</subfield>
            <subfield code="b">000897969</subfield>
            <subfield code="m">Auch unter dem Titel:^Praxis Geschichte.^1998</subfield>
            <subfield code="n">Auch unter dem Titel:^Praxis Geschichte.^1987</subfield>
          </datafield>
          <datafield tag="LOC" ind1=" " ind2=" ">
            <subfield code="m">ISSEJ</subfield>
            <subfield code="a">P0001</subfield>
            <subfield code="b">96</subfield>
            <subfield code="d">40p8</subfield>
            <subfield code="g">1998/2002(2003)</subfield>
            <subfield code="i">08:1066</subfield>
            <subfield code="n">36</subfield>
            <subfield code="k">20080815</subfield>
            <subfield code="5">1017980-10</subfield>
          </datafield>
          <datafield tag="LOC" ind1=" " ind2=" ">
            <subfield code="m">ISSEJ</subfield>
            <subfield code="a">P0001</subfield>
            <subfield code="b">96</subfield>
            <subfield code="d">40p8</subfield>
            <subfield code="g">2003/07(2008)</subfield>
            <subfield code="i">09:91</subfield>
            <subfield code="n">36</subfield>
            <subfield code="k">20090129</subfield>
            <subfield code="5">1017980-20</subfield>
          </datafield>
        </record>
      </metadata>
    </record>
  </ListRecords>
</OAI-PMH>
